%YAML 1.1
%TAG !u! tag:unity3d.com,2011:
--- !u!29 &1
OcclusionCullingSettings:
  m_ObjectHideFlags: 0
  serializedVersion: 2
  m_OcclusionBakeSettings:
    smallestOccluder: 5
    smallestHole: 0.25
    backfaceThreshold: 100
  m_SceneGUID: 00000000000000000000000000000000
  m_OcclusionCullingData: {fileID: 0}
--- !u!104 &2
RenderSettings:
  m_ObjectHideFlags: 0
  serializedVersion: 9
  m_Fog: 0
  m_FogColor: {r: 0.5, g: 0.5, b: 0.5, a: 1}
  m_FogMode: 3
  m_FogDensity: 0.01
  m_LinearFogStart: 0
  m_LinearFogEnd: 300
  m_AmbientSkyColor: {r: 0.212, g: 0.227, b: 0.259, a: 1}
  m_AmbientEquatorColor: {r: 0.114, g: 0.125, b: 0.133, a: 1}
  m_AmbientGroundColor: {r: 0.047, g: 0.043, b: 0.035, a: 1}
  m_AmbientIntensity: 1
  m_AmbientMode: 0
  m_SubtractiveShadowColor: {r: 0.42, g: 0.478, b: 0.627, a: 1}
  m_SkyboxMaterial: {fileID: 10304, guid: 0000000000000000f000000000000000, type: 0}
  m_HaloStrength: 0.5
  m_FlareStrength: 1
  m_FlareFadeSpeed: 3
  m_HaloTexture: {fileID: 0}
  m_SpotCookie: {fileID: 10001, guid: 0000000000000000e000000000000000, type: 0}
  m_DefaultReflectionMode: 0
  m_DefaultReflectionResolution: 128
  m_ReflectionBounces: 1
  m_ReflectionIntensity: 1
  m_CustomReflection: {fileID: 0}
  m_Sun: {fileID: 0}
  m_IndirectSpecularColor: {r: 0.18028334, g: 0.22571328, b: 0.3069217, a: 1}
  m_UseRadianceAmbientProbe: 0
--- !u!157 &3
LightmapSettings:
  m_ObjectHideFlags: 0
  serializedVersion: 11
  m_GIWorkflowMode: 0
  m_GISettings:
    serializedVersion: 2
    m_BounceScale: 1
    m_IndirectOutputScale: 1
    m_AlbedoBoost: 1
    m_TemporalCoherenceThreshold: 1
    m_EnvironmentLightingMode: 0
    m_EnableBakedLightmaps: 1
    m_EnableRealtimeLightmaps: 1
  m_LightmapEditorSettings:
    serializedVersion: 10
    m_Resolution: 2
    m_BakeResolution: 40
    m_AtlasSize: 1024
    m_AO: 0
    m_AOMaxDistance: 1
    m_CompAOExponent: 1
    m_CompAOExponentDirect: 0
    m_Padding: 2
    m_LightmapParameters: {fileID: 0}
    m_LightmapsBakeMode: 1
    m_TextureCompression: 1
    m_FinalGather: 0
    m_FinalGatherFiltering: 1
    m_FinalGatherRayCount: 256
    m_ReflectionCompression: 2
    m_MixedBakeMode: 2
    m_BakeBackend: 1
    m_PVRSampling: 1
    m_PVRDirectSampleCount: 32
    m_PVRSampleCount: 500
    m_PVRBounces: 2
    m_PVRFilterTypeDirect: 0
    m_PVRFilterTypeIndirect: 0
    m_PVRFilterTypeAO: 0
    m_PVRFilteringMode: 1
    m_PVRCulling: 1
    m_PVRFilteringGaussRadiusDirect: 1
    m_PVRFilteringGaussRadiusIndirect: 5
    m_PVRFilteringGaussRadiusAO: 2
    m_PVRFilteringAtrousPositionSigmaDirect: 0.5
    m_PVRFilteringAtrousPositionSigmaIndirect: 2
    m_PVRFilteringAtrousPositionSigmaAO: 1
    m_ShowResolutionOverlay: 1
  m_LightingDataAsset: {fileID: 0}
  m_UseShadowmask: 1
--- !u!196 &4
NavMeshSettings:
  serializedVersion: 2
  m_ObjectHideFlags: 0
  m_BuildSettings:
    serializedVersion: 2
    agentTypeID: 0
    agentRadius: 0.5
    agentHeight: 2
    agentSlope: 45
    agentClimb: 0.4
    ledgeDropHeight: 0
    maxJumpAcrossDistance: 0
    minRegionArea: 2
    manualCellSize: 0
    cellSize: 0.16666667
    manualTileSize: 0
    tileSize: 256
    accuratePlacement: 0
    debug:
      m_Flags: 0
  m_NavMeshData: {fileID: 0}
--- !u!1001 &105542095
Prefab:
  m_ObjectHideFlags: 0
  serializedVersion: 2
  m_Modification:
    m_TransformParent: {fileID: 0}
    m_Modifications:
    - target: {fileID: 4396891143827016, guid: fb53c9fd4d324c040ab942bbf8e2b6b4, type: 2}
      propertyPath: m_LocalPosition.x
      value: 5.49
      objectReference: {fileID: 0}
    - target: {fileID: 4396891143827016, guid: fb53c9fd4d324c040ab942bbf8e2b6b4, type: 2}
      propertyPath: m_LocalPosition.y
      value: 0
      objectReference: {fileID: 0}
    - target: {fileID: 4396891143827016, guid: fb53c9fd4d324c040ab942bbf8e2b6b4, type: 2}
      propertyPath: m_LocalPosition.z
      value: 0
      objectReference: {fileID: 0}
    - target: {fileID: 4396891143827016, guid: fb53c9fd4d324c040ab942bbf8e2b6b4, type: 2}
      propertyPath: m_LocalRotation.x
      value: 0
      objectReference: {fileID: 0}
    - target: {fileID: 4396891143827016, guid: fb53c9fd4d324c040ab942bbf8e2b6b4, type: 2}
      propertyPath: m_LocalRotation.y
      value: 0
      objectReference: {fileID: 0}
    - target: {fileID: 4396891143827016, guid: fb53c9fd4d324c040ab942bbf8e2b6b4, type: 2}
      propertyPath: m_LocalRotation.z
      value: 0
      objectReference: {fileID: 0}
    - target: {fileID: 4396891143827016, guid: fb53c9fd4d324c040ab942bbf8e2b6b4, type: 2}
      propertyPath: m_LocalRotation.w
      value: 1
      objectReference: {fileID: 0}
    - target: {fileID: 4396891143827016, guid: fb53c9fd4d324c040ab942bbf8e2b6b4, type: 2}
      propertyPath: m_RootOrder
      value: 8
      objectReference: {fileID: 0}
    m_RemovedComponents: []
  m_SourcePrefab: {fileID: 100100000, guid: fb53c9fd4d324c040ab942bbf8e2b6b4, type: 2}
  m_IsPrefabAsset: 0
--- !u!1001 &232698184
Prefab:
  m_ObjectHideFlags: 0
  serializedVersion: 2
  m_Modification:
    m_TransformParent: {fileID: 0}
    m_Modifications:
    - target: {fileID: 4326089839740178, guid: 9ba98efefc03ed944bb0fb27057d7f10, type: 2}
      propertyPath: m_LocalPosition.x
      value: 0
      objectReference: {fileID: 0}
    - target: {fileID: 4326089839740178, guid: 9ba98efefc03ed944bb0fb27057d7f10, type: 2}
      propertyPath: m_LocalPosition.y
      value: 1.9
      objectReference: {fileID: 0}
    - target: {fileID: 4326089839740178, guid: 9ba98efefc03ed944bb0fb27057d7f10, type: 2}
      propertyPath: m_LocalPosition.z
      value: -9.38
      objectReference: {fileID: 0}
    - target: {fileID: 4326089839740178, guid: 9ba98efefc03ed944bb0fb27057d7f10, type: 2}
      propertyPath: m_LocalRotation.x
      value: 0
      objectReference: {fileID: 0}
    - target: {fileID: 4326089839740178, guid: 9ba98efefc03ed944bb0fb27057d7f10, type: 2}
      propertyPath: m_LocalRotation.y
      value: 0
      objectReference: {fileID: 0}
    - target: {fileID: 4326089839740178, guid: 9ba98efefc03ed944bb0fb27057d7f10, type: 2}
      propertyPath: m_LocalRotation.z
      value: 0
      objectReference: {fileID: 0}
    - target: {fileID: 4326089839740178, guid: 9ba98efefc03ed944bb0fb27057d7f10, type: 2}
      propertyPath: m_LocalRotation.w
      value: 1
      objectReference: {fileID: 0}
    - target: {fileID: 4326089839740178, guid: 9ba98efefc03ed944bb0fb27057d7f10, type: 2}
      propertyPath: m_RootOrder
      value: 9
      objectReference: {fileID: 0}
    - target: {fileID: 65130066088589260, guid: 9ba98efefc03ed944bb0fb27057d7f10,
        type: 2}
      propertyPath: m_Enabled
      value: 1
      objectReference: {fileID: 0}
    m_RemovedComponents: []
  m_SourcePrefab: {fileID: 100100000, guid: 9ba98efefc03ed944bb0fb27057d7f10, type: 2}
  m_IsPrefabAsset: 0
--- !u!1001 &354160729
Prefab:
  m_ObjectHideFlags: 0
  serializedVersion: 2
  m_Modification:
    m_TransformParent: {fileID: 0}
    m_Modifications:
    - target: {fileID: 4868074363559164, guid: b8a30b5b6ad89f348b5e863c867bd12f, type: 2}
      propertyPath: m_LocalPosition.x
      value: 0
      objectReference: {fileID: 0}
    - target: {fileID: 4868074363559164, guid: b8a30b5b6ad89f348b5e863c867bd12f, type: 2}
      propertyPath: m_LocalPosition.y
      value: 0
      objectReference: {fileID: 0}
    - target: {fileID: 4868074363559164, guid: b8a30b5b6ad89f348b5e863c867bd12f, type: 2}
      propertyPath: m_LocalPosition.z
      value: 0
      objectReference: {fileID: 0}
    - target: {fileID: 4868074363559164, guid: b8a30b5b6ad89f348b5e863c867bd12f, type: 2}
      propertyPath: m_LocalRotation.x
      value: 0
      objectReference: {fileID: 0}
    - target: {fileID: 4868074363559164, guid: b8a30b5b6ad89f348b5e863c867bd12f, type: 2}
      propertyPath: m_LocalRotation.y
      value: 0
      objectReference: {fileID: 0}
    - target: {fileID: 4868074363559164, guid: b8a30b5b6ad89f348b5e863c867bd12f, type: 2}
      propertyPath: m_LocalRotation.z
      value: 0.7071068
      objectReference: {fileID: 0}
    - target: {fileID: 4868074363559164, guid: b8a30b5b6ad89f348b5e863c867bd12f, type: 2}
      propertyPath: m_LocalRotation.w
      value: 0.7071068
      objectReference: {fileID: 0}
    - target: {fileID: 4868074363559164, guid: b8a30b5b6ad89f348b5e863c867bd12f, type: 2}
      propertyPath: m_RootOrder
      value: 3
      objectReference: {fileID: 0}
    m_RemovedComponents: []
  m_SourcePrefab: {fileID: 100100000, guid: b8a30b5b6ad89f348b5e863c867bd12f, type: 2}
  m_IsPrefabAsset: 0
--- !u!1001 &493872926
Prefab:
  m_ObjectHideFlags: 0
  serializedVersion: 2
  m_Modification:
    m_TransformParent: {fileID: 0}
    m_Modifications:
    - target: {fileID: 4794974929172366, guid: 989f71d6ebe471d4bb1a8e3ccf676c63, type: 2}
      propertyPath: m_LocalPosition.x
      value: 0
      objectReference: {fileID: 0}
    - target: {fileID: 4794974929172366, guid: 989f71d6ebe471d4bb1a8e3ccf676c63, type: 2}
      propertyPath: m_LocalPosition.y
      value: 0
      objectReference: {fileID: 0}
    - target: {fileID: 4794974929172366, guid: 989f71d6ebe471d4bb1a8e3ccf676c63, type: 2}
      propertyPath: m_LocalPosition.z
      value: 0
      objectReference: {fileID: 0}
    - target: {fileID: 4794974929172366, guid: 989f71d6ebe471d4bb1a8e3ccf676c63, type: 2}
      propertyPath: m_LocalRotation.x
      value: 0
      objectReference: {fileID: 0}
    - target: {fileID: 4794974929172366, guid: 989f71d6ebe471d4bb1a8e3ccf676c63, type: 2}
      propertyPath: m_LocalRotation.y
      value: 0
      objectReference: {fileID: 0}
    - target: {fileID: 4794974929172366, guid: 989f71d6ebe471d4bb1a8e3ccf676c63, type: 2}
      propertyPath: m_LocalRotation.z
      value: 0
      objectReference: {fileID: 0}
    - target: {fileID: 4794974929172366, guid: 989f71d6ebe471d4bb1a8e3ccf676c63, type: 2}
      propertyPath: m_LocalRotation.w
      value: 1
      objectReference: {fileID: 0}
    - target: {fileID: 4794974929172366, guid: 989f71d6ebe471d4bb1a8e3ccf676c63, type: 2}
      propertyPath: m_RootOrder
      value: 5
      objectReference: {fileID: 0}
    m_RemovedComponents: []
  m_SourcePrefab: {fileID: 100100000, guid: 989f71d6ebe471d4bb1a8e3ccf676c63, type: 2}
  m_IsPrefabAsset: 0
--- !u!1 &527188776
GameObject:
  m_ObjectHideFlags: 0
  m_CorrespondingSourceObject: {fileID: 1632115757542762, guid: 9ba98efefc03ed944bb0fb27057d7f10,
    type: 2}
  m_PrefabInternal: {fileID: 232698184}
  serializedVersion: 6
  m_Component:
  - component: {fileID: 527188777}
  - component: {fileID: 527188779}
  - component: {fileID: 527188778}
  m_Layer: 0
  m_Name: Ironsight
  m_TagString: Untagged
  m_Icon: {fileID: 0}
  m_NavMeshLayer: 0
  m_StaticEditorFlags: 0
  m_IsActive: 1
--- !u!4 &527188777
Transform:
  m_ObjectHideFlags: 0
  m_CorrespondingSourceObject: {fileID: 4880748154959034, guid: 9ba98efefc03ed944bb0fb27057d7f10,
    type: 2}
  m_PrefabInternal: {fileID: 232698184}
  m_GameObject: {fileID: 527188776}
  m_LocalRotation: {x: -0.49991274, y: -0.50008726, z: -0.49991274, w: 0.50008726}
  m_LocalPosition: {x: -0.0054693692, y: 0.15496542, z: 0}
  m_LocalScale: {x: 10, y: 10, z: 10}
  m_Children: []
  m_Father: {fileID: 1806820720}
  m_RootOrder: 0
  m_LocalEulerAnglesHint: {x: -89.98, y: -90, z: 0}
--- !u!23 &527188778
MeshRenderer:
  m_ObjectHideFlags: 0
  m_CorrespondingSourceObject: {fileID: 23589457913007988, guid: 9ba98efefc03ed944bb0fb27057d7f10,
    type: 2}
  m_PrefabInternal: {fileID: 232698184}
  m_GameObject: {fileID: 527188776}
  m_Enabled: 1
  m_CastShadows: 1
  m_ReceiveShadows: 1
  m_DynamicOccludee: 1
  m_MotionVectors: 1
  m_LightProbeUsage: 1
  m_ReflectionProbeUsage: 1
  m_RenderingLayerMask: 4294967295
  m_Materials:
  - {fileID: 2100000, guid: 56f56c42a41bda24183c1789de1b589a, type: 2}
  m_StaticBatchInfo:
    firstSubMesh: 0
    subMeshCount: 0
  m_StaticBatchRoot: {fileID: 0}
  m_ProbeAnchor: {fileID: 0}
  m_LightProbeVolumeOverride: {fileID: 0}
  m_ScaleInLightmap: 1
  m_PreserveUVs: 0
  m_IgnoreNormalsForChartDetection: 0
  m_ImportantGI: 0
  m_StitchLightmapSeams: 0
  m_SelectedEditorRenderState: 3
  m_MinimumChartSize: 4
  m_AutoUVMaxDistance: 0.5
  m_AutoUVMaxAngle: 89
  m_LightmapParameters: {fileID: 0}
  m_SortingLayerID: 0
  m_SortingLayer: 0
  m_SortingOrder: 0
--- !u!33 &527188779
MeshFilter:
  m_ObjectHideFlags: 0
  m_CorrespondingSourceObject: {fileID: 33593017617869234, guid: 9ba98efefc03ed944bb0fb27057d7f10,
    type: 2}
  m_PrefabInternal: {fileID: 232698184}
  m_GameObject: {fileID: 527188776}
  m_Mesh: {fileID: 4300004, guid: 4852e73e1333ed242bd05032c61f5f96, type: 3}
--- !u!1 &623118454
GameObject:
  m_ObjectHideFlags: 0
  m_CorrespondingSourceObject: {fileID: 0}
  m_PrefabInternal: {fileID: 0}
  serializedVersion: 6
  m_Component:
  - component: {fileID: 623118456}
  - component: {fileID: 623118455}
  m_Layer: 0
  m_Name: WorldMapGenerator
  m_TagString: Untagged
  m_Icon: {fileID: 0}
  m_NavMeshLayer: 0
  m_StaticEditorFlags: 0
  m_IsActive: 1
--- !u!114 &623118455
MonoBehaviour:
  m_ObjectHideFlags: 0
  m_CorrespondingSourceObject: {fileID: 0}
  m_PrefabInternal: {fileID: 0}
  m_GameObject: {fileID: 623118454}
  m_Enabled: 1
  m_EditorHideFlags: 0
  m_Script: {fileID: 11500000, guid: eb9680292a647ea409b1c4775822d25d, type: 3}
  m_Name: 
  m_EditorClassIdentifier: 
  maxDeviation: 2
  stagesToGenerate: 8
  visibleOdds: 1
  leftOdds: 4
  forwardOdds: 3
  rightOdds: 4
  testSeed: lmao
  lineRenderer: {fileID: 1608455970762364, guid: b0cc71064d1fe124a91ca37c461d3c56,
    type: 2}
  connectedNode: {fileID: 100002, guid: 1bdfa6ef0ecf6704ba8507449bd83fbe, type: 3}
  nodeObject: {fileID: 1923915233197796, guid: 08e1e35595818ca4b9506535ceba87cd, type: 2}
  levelTypes:
  - {fileID: 11400000, guid: f05f223a982f06144bc5276769205d9e, type: 2}
--- !u!4 &623118456
Transform:
  m_ObjectHideFlags: 0
  m_CorrespondingSourceObject: {fileID: 0}
  m_PrefabInternal: {fileID: 0}
  m_GameObject: {fileID: 623118454}
  m_LocalRotation: {x: 0, y: 0, z: 0, w: 1}
  m_LocalPosition: {x: 0, y: 0, z: 0}
  m_LocalScale: {x: 1, y: 1, z: 1}
  m_Children: []
  m_Father: {fileID: 0}
  m_RootOrder: 14
  m_LocalEulerAnglesHint: {x: 0, y: 0, z: 0}
--- !u!1001 &623302213
Prefab:
  m_ObjectHideFlags: 0
  serializedVersion: 2
  m_Modification:
    m_TransformParent: {fileID: 0}
    m_Modifications:
    - target: {fileID: 400006, guid: d712664464423e242a3f5542295818a0, type: 3}
      propertyPath: m_LocalPosition.x
      value: 1.161
      objectReference: {fileID: 0}
    - target: {fileID: 400006, guid: d712664464423e242a3f5542295818a0, type: 3}
      propertyPath: m_LocalPosition.y
      value: 0.629
      objectReference: {fileID: 0}
    - target: {fileID: 400006, guid: d712664464423e242a3f5542295818a0, type: 3}
      propertyPath: m_LocalPosition.z
      value: -5.199
      objectReference: {fileID: 0}
    - target: {fileID: 400006, guid: d712664464423e242a3f5542295818a0, type: 3}
      propertyPath: m_LocalRotation.x
      value: 0
      objectReference: {fileID: 0}
    - target: {fileID: 400006, guid: d712664464423e242a3f5542295818a0, type: 3}
      propertyPath: m_LocalRotation.y
      value: 0
      objectReference: {fileID: 0}
    - target: {fileID: 400006, guid: d712664464423e242a3f5542295818a0, type: 3}
      propertyPath: m_LocalRotation.z
      value: 0
      objectReference: {fileID: 0}
    - target: {fileID: 400006, guid: d712664464423e242a3f5542295818a0, type: 3}
      propertyPath: m_LocalRotation.w
      value: 1
      objectReference: {fileID: 0}
    - target: {fileID: 400006, guid: d712664464423e242a3f5542295818a0, type: 3}
      propertyPath: m_RootOrder
      value: 9
      objectReference: {fileID: 0}
    m_RemovedComponents: []
  m_SourcePrefab: {fileID: 100100000, guid: d712664464423e242a3f5542295818a0, type: 3}
  m_IsPrefabAsset: 0
--- !u!1 &813591550
GameObject:
  m_ObjectHideFlags: 0
  m_CorrespondingSourceObject: {fileID: 0}
  m_PrefabInternal: {fileID: 0}
  serializedVersion: 6
  m_Component:
  - component: {fileID: 813591551}
  m_Layer: 0
  m_Name: GameObject
  m_TagString: Untagged
  m_Icon: {fileID: 0}
  m_NavMeshLayer: 0
  m_StaticEditorFlags: 0
  m_IsActive: 1
--- !u!4 &813591551
Transform:
  m_ObjectHideFlags: 0
  m_CorrespondingSourceObject: {fileID: 0}
  m_PrefabInternal: {fileID: 0}
  m_GameObject: {fileID: 813591550}
  m_LocalRotation: {x: 0.14362068, y: 0.26229864, z: -0.025604632, w: 0.9538957}
  m_LocalPosition: {x: -3.69, y: 2.71, z: -6.76}
  m_LocalScale: {x: 1, y: 1, z: 1}
  m_Children: []
  m_Father: {fileID: 0}
  m_RootOrder: 2
  m_LocalEulerAnglesHint: {x: 0, y: 0, z: 0}
--- !u!1001 &931539752
Prefab:
  m_ObjectHideFlags: 0
  serializedVersion: 2
  m_Modification:
    m_TransformParent: {fileID: 0}
    m_Modifications:
    - target: {fileID: 4435092195279370, guid: a104227aa01c6924f90a778b4ed3a53c, type: 2}
      propertyPath: m_LocalPosition.x
      value: 0
      objectReference: {fileID: 0}
    - target: {fileID: 4435092195279370, guid: a104227aa01c6924f90a778b4ed3a53c, type: 2}
      propertyPath: m_LocalPosition.y
      value: 0
      objectReference: {fileID: 0}
    - target: {fileID: 4435092195279370, guid: a104227aa01c6924f90a778b4ed3a53c, type: 2}
      propertyPath: m_LocalPosition.z
      value: 4.02
      objectReference: {fileID: 0}
    - target: {fileID: 4435092195279370, guid: a104227aa01c6924f90a778b4ed3a53c, type: 2}
      propertyPath: m_LocalRotation.x
      value: 0
      objectReference: {fileID: 0}
    - target: {fileID: 4435092195279370, guid: a104227aa01c6924f90a778b4ed3a53c, type: 2}
      propertyPath: m_LocalRotation.y
      value: 0
      objectReference: {fileID: 0}
    - target: {fileID: 4435092195279370, guid: a104227aa01c6924f90a778b4ed3a53c, type: 2}
      propertyPath: m_LocalRotation.z
      value: 0
      objectReference: {fileID: 0}
    - target: {fileID: 4435092195279370, guid: a104227aa01c6924f90a778b4ed3a53c, type: 2}
      propertyPath: m_LocalRotation.w
      value: 1
      objectReference: {fileID: 0}
    - target: {fileID: 4435092195279370, guid: a104227aa01c6924f90a778b4ed3a53c, type: 2}
      propertyPath: m_RootOrder
      value: 7
      objectReference: {fileID: 0}
    m_RemovedComponents: []
  m_SourcePrefab: {fileID: 100100000, guid: a104227aa01c6924f90a778b4ed3a53c, type: 2}
  m_IsPrefabAsset: 0
--- !u!1001 &979422325
Prefab:
  m_ObjectHideFlags: 0
  serializedVersion: 2
  m_Modification:
    m_TransformParent: {fileID: 0}
    m_Modifications:
    - target: {fileID: 4506148821345648, guid: f92a762b7ad9e6e4cbf32828858636b6, type: 2}
      propertyPath: m_LocalPosition.x
      value: 1.47
      objectReference: {fileID: 0}
    - target: {fileID: 4506148821345648, guid: f92a762b7ad9e6e4cbf32828858636b6, type: 2}
      propertyPath: m_LocalPosition.y
      value: 1.17
      objectReference: {fileID: 0}
    - target: {fileID: 4506148821345648, guid: f92a762b7ad9e6e4cbf32828858636b6, type: 2}
      propertyPath: m_LocalPosition.z
      value: -7.35
      objectReference: {fileID: 0}
    - target: {fileID: 4506148821345648, guid: f92a762b7ad9e6e4cbf32828858636b6, type: 2}
      propertyPath: m_LocalRotation.x
      value: -0
      objectReference: {fileID: 0}
    - target: {fileID: 4506148821345648, guid: f92a762b7ad9e6e4cbf32828858636b6, type: 2}
      propertyPath: m_LocalRotation.y
      value: -0
      objectReference: {fileID: 0}
    - target: {fileID: 4506148821345648, guid: f92a762b7ad9e6e4cbf32828858636b6, type: 2}
      propertyPath: m_LocalRotation.z
      value: -0.6838691
      objectReference: {fileID: 0}
    - target: {fileID: 4506148821345648, guid: f92a762b7ad9e6e4cbf32828858636b6, type: 2}
      propertyPath: m_LocalRotation.w
      value: 0.7296047
      objectReference: {fileID: 0}
    - target: {fileID: 4506148821345648, guid: f92a762b7ad9e6e4cbf32828858636b6, type: 2}
      propertyPath: m_RootOrder
      value: 4
      objectReference: {fileID: 0}
    - target: {fileID: 114589006034114818, guid: f92a762b7ad9e6e4cbf32828858636b6,
        type: 2}
      propertyPath: showTheseGizmos
      value: 0
      objectReference: {fileID: 0}
    m_RemovedComponents: []
  m_SourcePrefab: {fileID: 100100000, guid: f92a762b7ad9e6e4cbf32828858636b6, type: 2}
  m_IsPrefabAsset: 0
--- !u!1001 &1061850871
Prefab:
  m_ObjectHideFlags: 0
  serializedVersion: 2
  m_Modification:
    m_TransformParent: {fileID: 0}
    m_Modifications:
    - target: {fileID: 4036989055689380, guid: 462829d3f400095449c0a1917f01ff95, type: 2}
      propertyPath: m_LocalPosition.x
      value: 0
      objectReference: {fileID: 0}
    - target: {fileID: 4036989055689380, guid: 462829d3f400095449c0a1917f01ff95, type: 2}
      propertyPath: m_LocalPosition.y
      value: 1.168
      objectReference: {fileID: 0}
    - target: {fileID: 4036989055689380, guid: 462829d3f400095449c0a1917f01ff95, type: 2}
      propertyPath: m_LocalPosition.z
      value: -0.975
      objectReference: {fileID: 0}
    - target: {fileID: 4036989055689380, guid: 462829d3f400095449c0a1917f01ff95, type: 2}
      propertyPath: m_LocalRotation.x
      value: 0
      objectReference: {fileID: 0}
    - target: {fileID: 4036989055689380, guid: 462829d3f400095449c0a1917f01ff95, type: 2}
      propertyPath: m_LocalRotation.y
      value: 0
      objectReference: {fileID: 0}
    - target: {fileID: 4036989055689380, guid: 462829d3f400095449c0a1917f01ff95, type: 2}
      propertyPath: m_LocalRotation.z
      value: 0
      objectReference: {fileID: 0}
    - target: {fileID: 4036989055689380, guid: 462829d3f400095449c0a1917f01ff95, type: 2}
      propertyPath: m_LocalRotation.w
      value: 1
      objectReference: {fileID: 0}
    - target: {fileID: 4036989055689380, guid: 462829d3f400095449c0a1917f01ff95, type: 2}
      propertyPath: m_RootOrder
      value: 1
      objectReference: {fileID: 0}
    m_RemovedComponents: []
  m_SourcePrefab: {fileID: 100100000, guid: 462829d3f400095449c0a1917f01ff95, type: 2}
  m_IsPrefabAsset: 0
--- !u!1001 &1474072293
Prefab:
  m_ObjectHideFlags: 0
  serializedVersion: 2
  m_Modification:
    m_TransformParent: {fileID: 0}
    m_Modifications:
    - target: {fileID: 4070285615902484, guid: 1f4f402a060bcab44bab611be583f695, type: 2}
      propertyPath: m_LocalPosition.x
      value: -0.24
      objectReference: {fileID: 0}
    - target: {fileID: 4070285615902484, guid: 1f4f402a060bcab44bab611be583f695, type: 2}
      propertyPath: m_LocalPosition.y
      value: 1.25
      objectReference: {fileID: 0}
    - target: {fileID: 4070285615902484, guid: 1f4f402a060bcab44bab611be583f695, type: 2}
      propertyPath: m_LocalPosition.z
      value: -0.978
      objectReference: {fileID: 0}
    - target: {fileID: 4070285615902484, guid: 1f4f402a060bcab44bab611be583f695, type: 2}
      propertyPath: m_LocalRotation.x
      value: 0
      objectReference: {fileID: 0}
    - target: {fileID: 4070285615902484, guid: 1f4f402a060bcab44bab611be583f695, type: 2}
      propertyPath: m_LocalRotation.y
      value: 0
      objectReference: {fileID: 0}
    - target: {fileID: 4070285615902484, guid: 1f4f402a060bcab44bab611be583f695, type: 2}
      propertyPath: m_LocalRotation.z
      value: 0
      objectReference: {fileID: 0}
    - target: {fileID: 4070285615902484, guid: 1f4f402a060bcab44bab611be583f695, type: 2}
      propertyPath: m_LocalRotation.w
      value: 1
      objectReference: {fileID: 0}
    - target: {fileID: 4070285615902484, guid: 1f4f402a060bcab44bab611be583f695, type: 2}
      propertyPath: m_RootOrder
      value: 6
      objectReference: {fileID: 0}
    - target: {fileID: 1681955256234752, guid: 1f4f402a060bcab44bab611be583f695, type: 2}
      propertyPath: m_Name
      value: KillEnemiesTableModel
      objectReference: {fileID: 0}
    m_RemovedComponents: []
  m_SourcePrefab: {fileID: 100100000, guid: 1f4f402a060bcab44bab611be583f695, type: 2}
  m_IsPrefabAsset: 0
--- !u!1 &1669295612
GameObject:
  m_ObjectHideFlags: 0
  m_CorrespondingSourceObject: {fileID: 1579977557387270, guid: 9ba98efefc03ed944bb0fb27057d7f10,
    type: 2}
  m_PrefabInternal: {fileID: 232698184}
  serializedVersion: 6
  m_Component:
  - component: {fileID: 1669295613}
  - component: {fileID: 1669295616}
  - component: {fileID: 1669295615}
  - component: {fileID: 1669295614}
  m_Layer: 11
  m_Name: Rifle
  m_TagString: Untagged
  m_Icon: {fileID: 0}
  m_NavMeshLayer: 0
  m_StaticEditorFlags: 0
  m_IsActive: 1
--- !u!4 &1669295613
Transform:
  m_ObjectHideFlags: 0
  m_CorrespondingSourceObject: {fileID: 4511111438542724, guid: 9ba98efefc03ed944bb0fb27057d7f10,
    type: 2}
  m_PrefabInternal: {fileID: 232698184}
  m_GameObject: {fileID: 1669295612}
  m_LocalRotation: {x: -0.5, y: -0.5, z: -0.5, w: 0.5}
  m_LocalPosition: {x: -0.0054693692, y: 0.15496542, z: 0}
  m_LocalScale: {x: 10, y: 10, z: 10}
  m_Children: []
  m_Father: {fileID: 1806820720}
  m_RootOrder: 2
  m_LocalEulerAnglesHint: {x: -90, y: -90, z: 0}
--- !u!64 &1669295614
MeshCollider:
  m_ObjectHideFlags: 0
  m_CorrespondingSourceObject: {fileID: 64045657692860770, guid: 9ba98efefc03ed944bb0fb27057d7f10,
    type: 2}
  m_PrefabInternal: {fileID: 232698184}
  m_GameObject: {fileID: 1669295612}
  m_Material: {fileID: 0}
  m_IsTrigger: 0
  m_Enabled: 1
  serializedVersion: 3
  m_Convex: 1
  m_CookingOptions: 14
  m_SkinWidth: 0.01
  m_Mesh: {fileID: 4300008, guid: 4852e73e1333ed242bd05032c61f5f96, type: 3}
--- !u!23 &1669295615
MeshRenderer:
  m_ObjectHideFlags: 0
  m_CorrespondingSourceObject: {fileID: 23318534478619818, guid: 9ba98efefc03ed944bb0fb27057d7f10,
    type: 2}
  m_PrefabInternal: {fileID: 232698184}
  m_GameObject: {fileID: 1669295612}
  m_Enabled: 1
  m_CastShadows: 1
  m_ReceiveShadows: 1
  m_DynamicOccludee: 1
  m_MotionVectors: 1
  m_LightProbeUsage: 1
  m_ReflectionProbeUsage: 1
  m_RenderingLayerMask: 4294967295
  m_Materials:
  - {fileID: 2100000, guid: 29d45f01d8d7f6448a1a11e2a2e417fa, type: 2}
  m_StaticBatchInfo:
    firstSubMesh: 0
    subMeshCount: 0
  m_StaticBatchRoot: {fileID: 0}
  m_ProbeAnchor: {fileID: 0}
  m_LightProbeVolumeOverride: {fileID: 0}
  m_ScaleInLightmap: 1
  m_PreserveUVs: 0
  m_IgnoreNormalsForChartDetection: 0
  m_ImportantGI: 0
  m_StitchLightmapSeams: 0
  m_SelectedEditorRenderState: 3
  m_MinimumChartSize: 4
  m_AutoUVMaxDistance: 0.5
  m_AutoUVMaxAngle: 89
  m_LightmapParameters: {fileID: 0}
  m_SortingLayerID: 0
  m_SortingLayer: 0
  m_SortingOrder: 0
--- !u!33 &1669295616
MeshFilter:
  m_ObjectHideFlags: 0
  m_CorrespondingSourceObject: {fileID: 33963333862222726, guid: 9ba98efefc03ed944bb0fb27057d7f10,
    type: 2}
  m_PrefabInternal: {fileID: 232698184}
  m_GameObject: {fileID: 1669295612}
  m_Mesh: {fileID: 4300008, guid: 4852e73e1333ed242bd05032c61f5f96, type: 3}
--- !u!1 &1680229417
GameObject:
  m_ObjectHideFlags: 0
  m_CorrespondingSourceObject: {fileID: 1428240381489212, guid: 9ba98efefc03ed944bb0fb27057d7f10,
    type: 2}
  m_PrefabInternal: {fileID: 232698184}
  serializedVersion: 6
  m_Component:
  - component: {fileID: 1680229418}
  - component: {fileID: 1680229420}
  - component: {fileID: 1680229419}
  m_Layer: 0
  m_Name: Trigger
  m_TagString: Untagged
  m_Icon: {fileID: 0}
  m_NavMeshLayer: 0
  m_StaticEditorFlags: 0
  m_IsActive: 1
--- !u!4 &1680229418
Transform:
  m_ObjectHideFlags: 0
  m_CorrespondingSourceObject: {fileID: 4055811437671132, guid: 9ba98efefc03ed944bb0fb27057d7f10,
    type: 2}
  m_PrefabInternal: {fileID: 232698184}
  m_GameObject: {fileID: 1680229417}
  m_LocalRotation: {x: -0.49991274, y: -0.50008726, z: -0.49991274, w: 0.50008726}
  m_LocalPosition: {x: -0.0054693692, y: 0.15496542, z: 0}
  m_LocalScale: {x: 10, y: 10, z: 10}
  m_Children: []
  m_Father: {fileID: 1806820720}
  m_RootOrder: 3
  m_LocalEulerAnglesHint: {x: -89.98, y: -90, z: 0}
--- !u!23 &1680229419
MeshRenderer:
  m_ObjectHideFlags: 0
  m_CorrespondingSourceObject: {fileID: 23899966635193758, guid: 9ba98efefc03ed944bb0fb27057d7f10,
    type: 2}
  m_PrefabInternal: {fileID: 232698184}
  m_GameObject: {fileID: 1680229417}
  m_Enabled: 1
  m_CastShadows: 1
  m_ReceiveShadows: 1
  m_DynamicOccludee: 1
  m_MotionVectors: 1
  m_LightProbeUsage: 1
  m_ReflectionProbeUsage: 1
  m_RenderingLayerMask: 4294967295
  m_Materials:
  - {fileID: 2100000, guid: 1bfb696ac5ba29f4a8dc657cf6b57ac7, type: 2}
  m_StaticBatchInfo:
    firstSubMesh: 0
    subMeshCount: 0
  m_StaticBatchRoot: {fileID: 0}
  m_ProbeAnchor: {fileID: 0}
  m_LightProbeVolumeOverride: {fileID: 0}
  m_ScaleInLightmap: 1
  m_PreserveUVs: 0
  m_IgnoreNormalsForChartDetection: 0
  m_ImportantGI: 0
  m_StitchLightmapSeams: 0
  m_SelectedEditorRenderState: 3
  m_MinimumChartSize: 4
  m_AutoUVMaxDistance: 0.5
  m_AutoUVMaxAngle: 89
  m_LightmapParameters: {fileID: 0}
  m_SortingLayerID: 0
  m_SortingLayer: 0
  m_SortingOrder: 0
--- !u!33 &1680229420
MeshFilter:
  m_ObjectHideFlags: 0
  m_CorrespondingSourceObject: {fileID: 33339791609717854, guid: 9ba98efefc03ed944bb0fb27057d7f10,
    type: 2}
  m_PrefabInternal: {fileID: 232698184}
  m_GameObject: {fileID: 1680229417}
  m_Mesh: {fileID: 4300006, guid: 4852e73e1333ed242bd05032c61f5f96, type: 3}
--- !u!1 &1806820716
GameObject:
  m_ObjectHideFlags: 0
  m_CorrespondingSourceObject: {fileID: 1678144022287618, guid: 9ba98efefc03ed944bb0fb27057d7f10,
    type: 2}
  m_PrefabInternal: {fileID: 232698184}
  serializedVersion: 6
  m_Component:
  - component: {fileID: 1806820720}
  - component: {fileID: 1806820719}
  - component: {fileID: 1806820718}
  - component: {fileID: 1806820717}
  m_Layer: 0
  m_Name: Rifle
  m_TagString: Untagged
  m_Icon: {fileID: 0}
  m_NavMeshLayer: 0
  m_StaticEditorFlags: 0
  m_IsActive: 1
--- !u!114 &1806820717
MonoBehaviour:
  m_ObjectHideFlags: 0
  m_CorrespondingSourceObject: {fileID: 114189890187621100, guid: 9ba98efefc03ed944bb0fb27057d7f10,
    type: 2}
  m_PrefabInternal: {fileID: 232698184}
  m_GameObject: {fileID: 1806820716}
  m_Enabled: 1
  m_EditorHideFlags: 0
  m_Script: {fileID: 11500000, guid: f96fff8ed42ef9a448f582c1211666a9, type: 3}
  m_Name: 
  m_EditorClassIdentifier: 
  indestrucable: 0
  durability: 100
  density: 0.4
  dmgThreshold: 0
  isPickedUp: 0
  objectType: 0
  onDestroy:
    m_PersistentCalls:
      m_Calls: []
    m_TypeName: UnityEngine.Events.UnityEvent, UnityEngine.CoreModule, Version=0.0.0.0,
      Culture=neutral, PublicKeyToken=null
  onHolding:
    m_PersistentCalls:
      m_Calls: []
    m_TypeName: UnityEngine.Events.UnityEvent, UnityEngine.CoreModule, Version=0.0.0.0,
      Culture=neutral, PublicKeyToken=null
  onHit:
    m_PersistentCalls:
      m_Calls: []
    m_TypeName: PhysicalObject+ColliderEvent, Assembly-CSharp, Version=0.0.0.0, Culture=neutral,
      PublicKeyToken=null
  onDurabilityLoss:
    m_PersistentCalls:
      m_Calls: []
    m_TypeName: PhysicalObject+ColliderEvent, Assembly-CSharp, Version=0.0.0.0, Culture=neutral,
      PublicKeyToken=null
  onPickup:
    m_PersistentCalls:
      m_Calls: []
    m_TypeName: PhysicalObject+HandEvent, Assembly-CSharp, Version=0.0.0.0, Culture=neutral,
      PublicKeyToken=null
  onDrop:
    m_PersistentCalls:
      m_Calls: []
    m_TypeName: PhysicalObject+HandEvent, Assembly-CSharp, Version=0.0.0.0, Culture=neutral,
      PublicKeyToken=null
  onActivate:
    m_PersistentCalls:
      m_Calls: []
    m_TypeName: PhysicalObject+HandEvent, Assembly-CSharp, Version=0.0.0.0, Culture=neutral,
      PublicKeyToken=null
  triggerHeldPositionOffset: {x: -0.005469369, y: 0.1549654, z: 0}
  triggerHeldRotationOffset: {x: 0, y: 0, z: 0}
  triggerArea: {fileID: 0}
  offhandArea: {fileID: 0}
  barrelEndOffset: {x: -0.005, y: 0.25, z: 0.65}
  magazineLocationOffset: {x: -0.005469369, y: 0.1549654, z: 0}
  magazineLocationSize: {x: 0, y: 0, z: 0}
  firePower: 30
  magazineLayer:
    serializedVersion: 2
    m_Bits: 1024
  showTheseGizmos: 0
  magazineKey: M900
  fireRate: 0.09
  loadedMagazine: {fileID: 0}
--- !u!54 &1806820718
Rigidbody:
  m_ObjectHideFlags: 0
  m_CorrespondingSourceObject: {fileID: 54101921792755426, guid: 9ba98efefc03ed944bb0fb27057d7f10,
    type: 2}
  m_PrefabInternal: {fileID: 232698184}
  m_GameObject: {fileID: 1806820716}
  serializedVersion: 2
  m_Mass: 0.4
  m_Drag: 0
  m_AngularDrag: 0.05
  m_UseGravity: 1
  m_IsKinematic: 0
  m_Interpolate: 0
  m_Constraints: 0
  m_CollisionDetection: 0
--- !u!65 &1806820719
BoxCollider:
  m_ObjectHideFlags: 0
  m_CorrespondingSourceObject: {fileID: 65130066088589260, guid: 9ba98efefc03ed944bb0fb27057d7f10,
    type: 2}
  m_PrefabInternal: {fileID: 232698184}
  m_GameObject: {fileID: 1806820716}
  m_Material: {fileID: 0}
  m_IsTrigger: 0
  m_Enabled: 1
  serializedVersion: 2
  m_Size: {x: 0.08575249, y: 0.12088287, z: 0.06158924}
  m_Center: {x: 0.0025930405, y: 0.2489267, z: -0.005431652}
--- !u!4 &1806820720
Transform:
  m_ObjectHideFlags: 0
  m_CorrespondingSourceObject: {fileID: 4326089839740178, guid: 9ba98efefc03ed944bb0fb27057d7f10,
    type: 2}
  m_PrefabInternal: {fileID: 232698184}
  m_GameObject: {fileID: 1806820716}
  m_LocalRotation: {x: 0, y: 0, z: 0, w: 1}
  m_LocalPosition: {x: 0, y: 1.9, z: -9.38}
  m_LocalScale: {x: 1, y: 1, z: 1}
  m_Children:
  - {fileID: 527188777}
  - {fileID: 2073187252}
  - {fileID: 1669295613}
  - {fileID: 1680229418}
  m_Father: {fileID: 0}
  m_RootOrder: 10
  m_LocalEulerAnglesHint: {x: 0, y: 0, z: 0}
--- !u!1001 &1924074299
Prefab:
  m_ObjectHideFlags: 0
  serializedVersion: 2
  m_Modification:
    m_TransformParent: {fileID: 0}
    m_Modifications:
    - target: {fileID: 4063190341240104, guid: 3385f938da0953542a1cdb138ed3b132, type: 2}
      propertyPath: m_LocalPosition.x
      value: 0
      objectReference: {fileID: 0}
    - target: {fileID: 4063190341240104, guid: 3385f938da0953542a1cdb138ed3b132, type: 2}
      propertyPath: m_LocalPosition.y
      value: 0
      objectReference: {fileID: 0}
    - target: {fileID: 4063190341240104, guid: 3385f938da0953542a1cdb138ed3b132, type: 2}
      propertyPath: m_LocalPosition.z
      value: 0
      objectReference: {fileID: 0}
    - target: {fileID: 4063190341240104, guid: 3385f938da0953542a1cdb138ed3b132, type: 2}
      propertyPath: m_LocalRotation.x
      value: 0
      objectReference: {fileID: 0}
    - target: {fileID: 4063190341240104, guid: 3385f938da0953542a1cdb138ed3b132, type: 2}
      propertyPath: m_LocalRotation.y
      value: 0
      objectReference: {fileID: 0}
    - target: {fileID: 4063190341240104, guid: 3385f938da0953542a1cdb138ed3b132, type: 2}
      propertyPath: m_LocalRotation.z
      value: 0
      objectReference: {fileID: 0}
    - target: {fileID: 4063190341240104, guid: 3385f938da0953542a1cdb138ed3b132, type: 2}
      propertyPath: m_LocalRotation.w
      value: 1
      objectReference: {fileID: 0}
    - target: {fileID: 4063190341240104, guid: 3385f938da0953542a1cdb138ed3b132, type: 2}
      propertyPath: m_RootOrder
      value: 12
      objectReference: {fileID: 0}
    - target: {fileID: 33726135175363466, guid: 3385f938da0953542a1cdb138ed3b132,
        type: 2}
      propertyPath: m_Mesh
      value: 
      objectReference: {fileID: 10209, guid: 0000000000000000e000000000000000, type: 0}
    - target: {fileID: 4856117540220476, guid: 3385f938da0953542a1cdb138ed3b132, type: 2}
      propertyPath: m_LocalRotation.x
      value: 0
      objectReference: {fileID: 0}
    - target: {fileID: 4856117540220476, guid: 3385f938da0953542a1cdb138ed3b132, type: 2}
      propertyPath: m_LocalRotation.y
      value: 0
      objectReference: {fileID: 0}
    - target: {fileID: 4856117540220476, guid: 3385f938da0953542a1cdb138ed3b132, type: 2}
      propertyPath: m_LocalRotation.z
      value: 0
      objectReference: {fileID: 0}
    - target: {fileID: 4856117540220476, guid: 3385f938da0953542a1cdb138ed3b132, type: 2}
      propertyPath: m_LocalRotation.w
      value: 1
      objectReference: {fileID: 0}
    - target: {fileID: 4856117540220476, guid: 3385f938da0953542a1cdb138ed3b132, type: 2}
      propertyPath: m_LocalPosition.x
      value: 0
      objectReference: {fileID: 0}
    - target: {fileID: 4856117540220476, guid: 3385f938da0953542a1cdb138ed3b132, type: 2}
      propertyPath: m_LocalPosition.y
      value: 1.08
      objectReference: {fileID: 0}
    - target: {fileID: 4856117540220476, guid: 3385f938da0953542a1cdb138ed3b132, type: 2}
      propertyPath: m_LocalScale.x
      value: 0.21
      objectReference: {fileID: 0}
    - target: {fileID: 4856117540220476, guid: 3385f938da0953542a1cdb138ed3b132, type: 2}
      propertyPath: m_LocalScale.y
      value: 1
      objectReference: {fileID: 0}
    - target: {fileID: 4856117540220476, guid: 3385f938da0953542a1cdb138ed3b132, type: 2}
      propertyPath: m_LocalScale.z
      value: 0.29
      objectReference: {fileID: 0}
    - target: {fileID: 4856117540220476, guid: 3385f938da0953542a1cdb138ed3b132, type: 2}
      propertyPath: m_LocalEulerAnglesHint.x
      value: 0
      objectReference: {fileID: 0}
    - target: {fileID: 4856117540220476, guid: 3385f938da0953542a1cdb138ed3b132, type: 2}
      propertyPath: m_LocalEulerAnglesHint.y
      value: 0
      objectReference: {fileID: 0}
    m_RemovedComponents: []
  m_SourcePrefab: {fileID: 100100000, guid: 3385f938da0953542a1cdb138ed3b132, type: 2}
  m_IsPrefabAsset: 0
--- !u!1 &1987331834
GameObject:
  m_ObjectHideFlags: 0
  m_CorrespondingSourceObject: {fileID: 0}
  m_PrefabInternal: {fileID: 0}
  serializedVersion: 6
  m_Component:
  - component: {fileID: 1987331837}
  - component: {fileID: 1987331836}
  - component: {fileID: 1987331835}
  m_Layer: 0
  m_Name: Main Camera
  m_TagString: MainCamera
  m_Icon: {fileID: 0}
  m_NavMeshLayer: 0
  m_StaticEditorFlags: 0
  m_IsActive: 1
--- !u!81 &1987331835
AudioListener:
  m_ObjectHideFlags: 0
  m_CorrespondingSourceObject: {fileID: 0}
  m_PrefabInternal: {fileID: 0}
  m_GameObject: {fileID: 1987331834}
  m_Enabled: 1
--- !u!20 &1987331836
Camera:
  m_ObjectHideFlags: 0
  m_CorrespondingSourceObject: {fileID: 0}
  m_PrefabInternal: {fileID: 0}
  m_GameObject: {fileID: 1987331834}
  m_Enabled: 1
  serializedVersion: 2
  m_ClearFlags: 1
  m_BackGroundColor: {r: 0.19215687, g: 0.3019608, b: 0.4745098, a: 0}
  m_projectionMatrixMode: 1
  m_SensorSize: {x: 36, y: 24}
  m_LensShift: {x: 0, y: 0}
  m_FocalLength: 50
  m_NormalizedViewPortRect:
    serializedVersion: 2
    x: 0
    y: 0
    width: 1
    height: 1
  near clip plane: 0.3
  far clip plane: 1000
  field of view: 60
  orthographic: 0
  orthographic size: 5
  m_Depth: -1
  m_CullingMask:
    serializedVersion: 2
    m_Bits: 4294967295
  m_RenderingPath: -1
  m_TargetTexture: {fileID: 0}
  m_TargetDisplay: 0
  m_TargetEye: 3
  m_HDR: 1
  m_AllowMSAA: 1
  m_AllowDynamicResolution: 0
  m_ForceIntoRT: 0
  m_OcclusionCulling: 1
  m_StereoConvergence: 10
  m_StereoSeparation: 0.022
--- !u!4 &1987331837
Transform:
  m_ObjectHideFlags: 0
  m_CorrespondingSourceObject: {fileID: 0}
  m_PrefabInternal: {fileID: 0}
  m_GameObject: {fileID: 1987331834}
  m_LocalRotation: {x: 0.08743317, y: 0.20259848, z: -0.02069014, w: 0.9751314}
  m_LocalPosition: {x: -1.82, y: 2.19, z: -4.41}
  m_LocalScale: {x: 1, y: 1, z: 1}
  m_Children: []
  m_Father: {fileID: 0}
  m_RootOrder: 0
  m_LocalEulerAnglesHint: {x: 10.306001, y: 23.448002, z: -0.287}
--- !u!1 &2037488084
GameObject:
  m_ObjectHideFlags: 0
  m_CorrespondingSourceObject: {fileID: 0}
  m_PrefabInternal: {fileID: 0}
  serializedVersion: 6
  m_Component:
  - component: {fileID: 2037488086}
  - component: {fileID: 2037488085}
  m_Layer: 0
  m_Name: Directional Light
  m_TagString: Untagged
  m_Icon: {fileID: 0}
  m_NavMeshLayer: 0
  m_StaticEditorFlags: 0
  m_IsActive: 1
--- !u!108 &2037488085
Light:
  m_ObjectHideFlags: 0
  m_CorrespondingSourceObject: {fileID: 0}
  m_PrefabInternal: {fileID: 0}
  m_GameObject: {fileID: 2037488084}
  m_Enabled: 1
  serializedVersion: 8
  m_Type: 1
  m_Color: {r: 1, g: 0.95686275, b: 0.8392157, a: 1}
  m_Intensity: 1
  m_Range: 10
  m_SpotAngle: 30
  m_CookieSize: 10
  m_Shadows:
    m_Type: 2
    m_Resolution: -1
    m_CustomResolution: -1
    m_Strength: 1
    m_Bias: 0.05
    m_NormalBias: 0.4
    m_NearPlane: 0.2
  m_Cookie: {fileID: 0}
  m_DrawHalo: 0
  m_Flare: {fileID: 0}
  m_RenderMode: 0
  m_CullingMask:
    serializedVersion: 2
    m_Bits: 4294967295
  m_Lightmapping: 4
  m_LightShadowCasterMode: 0
  m_AreaSize: {x: 1, y: 1}
  m_BounceIntensity: 1
  m_ColorTemperature: 6570
  m_UseColorTemperature: 0
  m_ShadowRadius: 0
  m_ShadowAngle: 0
--- !u!4 &2037488086
Transform:
  m_ObjectHideFlags: 0
  m_CorrespondingSourceObject: {fileID: 0}
  m_PrefabInternal: {fileID: 0}
  m_GameObject: {fileID: 2037488084}
  m_LocalRotation: {x: 0.40821788, y: -0.23456968, z: 0.10938163, w: 0.8754261}
  m_LocalPosition: {x: -0.894, y: 4.5, z: 1.548}
  m_LocalScale: {x: 1, y: 1, z: 1}
  m_Children: []
  m_Father: {fileID: 0}
  m_RootOrder: 13
  m_LocalEulerAnglesHint: {x: 50, y: -30, z: 0}
--- !u!1 &2069025139
GameObject:
  m_ObjectHideFlags: 0
  m_CorrespondingSourceObject: {fileID: 0}
  m_PrefabInternal: {fileID: 0}
  serializedVersion: 6
  m_Component:
  - component: {fileID: 2069025143}
  - component: {fileID: 2069025142}
  - component: {fileID: 2069025141}
  - component: {fileID: 2069025140}
  m_Layer: 0
  m_Name: Plane
  m_TagString: Untagged
  m_Icon: {fileID: 0}
  m_NavMeshLayer: 0
  m_StaticEditorFlags: 4294967295
  m_IsActive: 1
--- !u!64 &2069025140
MeshCollider:
  m_ObjectHideFlags: 0
  m_CorrespondingSourceObject: {fileID: 0}
  m_PrefabInternal: {fileID: 0}
  m_GameObject: {fileID: 2069025139}
  m_Material: {fileID: 0}
  m_IsTrigger: 0
  m_Enabled: 1
  serializedVersion: 3
  m_Convex: 0
  m_CookingOptions: 14
  m_SkinWidth: 0.01
  m_Mesh: {fileID: 10209, guid: 0000000000000000e000000000000000, type: 0}
--- !u!23 &2069025141
MeshRenderer:
  m_ObjectHideFlags: 0
  m_CorrespondingSourceObject: {fileID: 0}
  m_PrefabInternal: {fileID: 0}
  m_GameObject: {fileID: 2069025139}
  m_Enabled: 1
  m_CastShadows: 1
  m_ReceiveShadows: 1
  m_DynamicOccludee: 1
  m_MotionVectors: 1
  m_LightProbeUsage: 1
  m_ReflectionProbeUsage: 1
  m_RenderingLayerMask: 4294967295
  m_Materials:
  - {fileID: 10303, guid: 0000000000000000f000000000000000, type: 0}
  m_StaticBatchInfo:
    firstSubMesh: 0
    subMeshCount: 0
  m_StaticBatchRoot: {fileID: 0}
  m_ProbeAnchor: {fileID: 0}
  m_LightProbeVolumeOverride: {fileID: 0}
  m_ScaleInLightmap: 1
  m_PreserveUVs: 0
  m_IgnoreNormalsForChartDetection: 0
  m_ImportantGI: 0
  m_StitchLightmapSeams: 0
  m_SelectedEditorRenderState: 3
  m_MinimumChartSize: 4
  m_AutoUVMaxDistance: 0.5
  m_AutoUVMaxAngle: 89
  m_LightmapParameters: {fileID: 0}
  m_SortingLayerID: 0
  m_SortingLayer: 0
  m_SortingOrder: 0
--- !u!33 &2069025142
MeshFilter:
  m_ObjectHideFlags: 0
  m_CorrespondingSourceObject: {fileID: 0}
  m_PrefabInternal: {fileID: 0}
  m_GameObject: {fileID: 2069025139}
  m_Mesh: {fileID: 10209, guid: 0000000000000000e000000000000000, type: 0}
--- !u!4 &2069025143
Transform:
  m_ObjectHideFlags: 0
  m_CorrespondingSourceObject: {fileID: 0}
  m_PrefabInternal: {fileID: 0}
  m_GameObject: {fileID: 2069025139}
  m_LocalRotation: {x: 0, y: 0, z: 0, w: 1}
  m_LocalPosition: {x: 0, y: 0, z: 0}
  m_LocalScale: {x: 10, y: 1, z: 10}
  m_Children: []
  m_Father: {fileID: 0}
  m_RootOrder: 15
  m_LocalEulerAnglesHint: {x: 0, y: 0, z: 0}
--- !u!1 &2073187251
GameObject:
  m_ObjectHideFlags: 0
  m_CorrespondingSourceObject: {fileID: 1183216769372274, guid: 9ba98efefc03ed944bb0fb27057d7f10,
    type: 2}
  m_PrefabInternal: {fileID: 232698184}
  serializedVersion: 6
  m_Component:
  - component: {fileID: 2073187252}
  - component: {fileID: 2073187254}
  - component: {fileID: 2073187253}
  m_Layer: 0
  m_Name: Ironsight 2
  m_TagString: Untagged
  m_Icon: {fileID: 0}
  m_NavMeshLayer: 0
  m_StaticEditorFlags: 0
  m_IsActive: 1
--- !u!4 &2073187252
Transform:
  m_ObjectHideFlags: 0
  m_CorrespondingSourceObject: {fileID: 4429387354480894, guid: 9ba98efefc03ed944bb0fb27057d7f10,
    type: 2}
  m_PrefabInternal: {fileID: 232698184}
  m_GameObject: {fileID: 2073187251}
  m_LocalRotation: {x: -0.49991274, y: -0.50008726, z: -0.49991274, w: 0.50008726}
  m_LocalPosition: {x: -0.0054693692, y: 0.15496542, z: 0}
  m_LocalScale: {x: 10, y: 10, z: 10}
  m_Children: []
  m_Father: {fileID: 1806820720}
  m_RootOrder: 1
  m_LocalEulerAnglesHint: {x: -89.98, y: -90, z: 0}
--- !u!23 &2073187253
MeshRenderer:
  m_ObjectHideFlags: 0
  m_CorrespondingSourceObject: {fileID: 23056688322819712, guid: 9ba98efefc03ed944bb0fb27057d7f10,
    type: 2}
  m_PrefabInternal: {fileID: 232698184}
  m_GameObject: {fileID: 2073187251}
  m_Enabled: 1
  m_CastShadows: 1
  m_ReceiveShadows: 1
  m_DynamicOccludee: 1
  m_MotionVectors: 1
  m_LightProbeUsage: 1
  m_ReflectionProbeUsage: 1
  m_RenderingLayerMask: 4294967295
  m_Materials:
  - {fileID: 2100000, guid: 56f56c42a41bda24183c1789de1b589a, type: 2}
  m_StaticBatchInfo:
    firstSubMesh: 0
    subMeshCount: 0
  m_StaticBatchRoot: {fileID: 0}
  m_ProbeAnchor: {fileID: 0}
  m_LightProbeVolumeOverride: {fileID: 0}
  m_ScaleInLightmap: 1
  m_PreserveUVs: 0
  m_IgnoreNormalsForChartDetection: 0
  m_ImportantGI: 0
  m_StitchLightmapSeams: 0
  m_SelectedEditorRenderState: 3
  m_MinimumChartSize: 4
  m_AutoUVMaxDistance: 0.5
  m_AutoUVMaxAngle: 89
  m_LightmapParameters: {fileID: 0}
  m_SortingLayerID: 0
  m_SortingLayer: 0
  m_SortingOrder: 0
--- !u!33 &2073187254
MeshFilter:
  m_ObjectHideFlags: 0
  m_CorrespondingSourceObject: {fileID: 33963532057629686, guid: 9ba98efefc03ed944bb0fb27057d7f10,
    type: 2}
  m_PrefabInternal: {fileID: 232698184}
  m_GameObject: {fileID: 2073187251}
  m_Mesh: {fileID: 4300002, guid: 4852e73e1333ed242bd05032c61f5f96, type: 3}
--- !u!1001 &2117749336
Prefab:
  m_ObjectHideFlags: 0
  serializedVersion: 2
  m_Modification:
    m_TransformParent: {fileID: 0}
    m_Modifications:
    - target: {fileID: 4359814482887256, guid: 01b7ba181ce445f4d89b24bfe728c2e0, type: 2}
      propertyPath: m_LocalPosition.x
      value: 0
      objectReference: {fileID: 0}
    - target: {fileID: 4359814482887256, guid: 01b7ba181ce445f4d89b24bfe728c2e0, type: 2}
      propertyPath: m_LocalPosition.y
      value: 0
      objectReference: {fileID: 0}
    - target: {fileID: 4359814482887256, guid: 01b7ba181ce445f4d89b24bfe728c2e0, type: 2}
      propertyPath: m_LocalPosition.z
      value: -2.491
      objectReference: {fileID: 0}
    - target: {fileID: 4359814482887256, guid: 01b7ba181ce445f4d89b24bfe728c2e0, type: 2}
      propertyPath: m_LocalRotation.x
      value: 0
      objectReference: {fileID: 0}
    - target: {fileID: 4359814482887256, guid: 01b7ba181ce445f4d89b24bfe728c2e0, type: 2}
      propertyPath: m_LocalRotation.y
      value: 0
      objectReference: {fileID: 0}
    - target: {fileID: 4359814482887256, guid: 01b7ba181ce445f4d89b24bfe728c2e0, type: 2}
      propertyPath: m_LocalRotation.z
      value: 0
      objectReference: {fileID: 0}
    - target: {fileID: 4359814482887256, guid: 01b7ba181ce445f4d89b24bfe728c2e0, type: 2}
      propertyPath: m_LocalRotation.w
      value: 1
      objectReference: {fileID: 0}
    - target: {fileID: 4359814482887256, guid: 01b7ba181ce445f4d89b24bfe728c2e0, type: 2}
      propertyPath: m_RootOrder
      value: 11
      objectReference: {fileID: 0}
    m_RemovedComponents: []
  m_SourcePrefab: {fileID: 100100000, guid: 01b7ba181ce445f4d89b24bfe728c2e0, type: 2}
  m_IsPrefabAsset: 0
